<?xml version="1.0" encoding="UTF-8"?><record xmlns="http://www.loc.gov/MARC21/slim" xmlns:cinclude="http://apache.org/cocoon/include/1.0" xmlns:zs="http://www.loc.gov/zing/srw/">
  <leader>00404nz  a2200133n  4500</leader>
  <controlfield tag="001">n  86094833 </controlfield>
  <controlfield tag="003">DLC</controlfield>
  <controlfield tag="005">19870420104351.1</controlfield>
  <controlfield tag="008">870331n| acannaab|          |a aaa |||  </controlfield>
  <datafield tag="010" ind1=" " ind2=" ">
    <subfield code="a">n  86094833 </subfield>
  </datafield>
  <datafield tag="040" ind1=" " ind2=" ">
    <subfield code="a">DLC</subfield>
    <subfield code="c">DLC</subfield>
    <subfield code="d">DLC</subfield>
  </datafield>
  <datafield tag="100" ind1="1" ind2="0">
    <subfield code="a">Stefoglu, D.</subfield>
    <subfield code="q">(Dmitriĭ)</subfield>
  </datafield>
  <datafield tag="400" ind1="1" ind2="0">
    <subfield code="a">Stefoglu, Dmitriĭ Konstantinovich</subfield>
  </datafield>
  <datafield tag="670" ind1=" " ind2=" ">
    <subfield code="a">Kakhul, 1980:</subfield>
    <subfield code="b">t.p. verso (D. Stefoglu) colophon (Dmitriĭ Konstantinovich Stefoglu)</subfield>
  </datafield>
</record>